<record><leader>00000cas a22000007a 4500</leader><controlfield tag="001">9920755</controlfield><controlfield tag="008">830917d18441844ohuwr ne      0    0eng d</controlfield><datafield ind1=" " ind2=" " tag="010"><subfield code="a">sn 83035462 </subfield></datafield><datafield ind1=" " ind2=" " tag="040"><subfield code="a">NPY</subfield><subfield code="b">eng</subfield><subfield code="c">NPY</subfield><subfield code="d">ONP</subfield><subfield code="d">OCLCQ</subfield></datafield><datafield ind1=" " ind2=" " tag="042"><subfield code="a">msc</subfield></datafield><datafield ind1="0" ind2=" " tag="130"><subfield code="a">Democratic star (Wilmington, Ohio : 1844)</subfield></datafield><datafield ind1="1" ind2="4" tag="245"><subfield code="a">The Democratic star.</subfield></datafield><datafield ind1=" " ind2=" " tag="260"><subfield code="a">Wilmington, Ohio :</subfield><subfield code="b">[C.T. Cake],</subfield><subfield code="c">-1844.</subfield></datafield><datafield ind1=" " ind2=" " tag="300"><subfield code="a">1 v. ;</subfield><subfield code="c">53 cm.</subfield></datafield><datafield ind1=" " ind2=" " tag="310"><subfield code="a">Weekly</subfield></datafield><datafield ind1="1" ind2=" " tag="362"><subfield code="a">Began with May 24, 1844 issue?</subfield></datafield><datafield ind1="0" ind2=" " tag="362"><subfield code="a">-v. 1, no. 24 (Nov. 1, 1844).</subfield></datafield><datafield ind1=" " ind2=" " tag="500"><subfield code="a">Publishers: Chas. T. Cake, May 24, 1844; J. &amp; T. M'Kibbin, May 31, 1844-Nov., 1844. Cf. May 31-Nov 31 issues, Democratic star.</subfield></datafield><datafield ind1=" " ind2=" " tag="500"><subfield code="a">Nov. 1, 1844 announces the termination of the paper but that a "slip" containing the election returns would be published at a later date. An "extra" without numbering appeared Nov. 21, 1844.</subfield></datafield><datafield ind1=" " ind2=" " tag="588"><subfield code="a">Description based on: Vol. 1, no. 2 (May 31, 1844).</subfield></datafield><datafield ind1="1" ind2=" " tag="700"><subfield code="a">Cake, Charles T.</subfield></datafield><datafield ind1="1" ind2=" " tag="700"><subfield code="a">McKibbin, John.</subfield></datafield><datafield ind1="1" ind2=" " tag="700"><subfield code="a">McKibbin, T.</subfield></datafield><datafield ind1=" " ind2=" " tag="752"><subfield code="a">United States</subfield><subfield code="b">Ohio</subfield><subfield code="c">Clinton</subfield><subfield code="d">Wilmington.</subfield></datafield></record>